<?xml version="1.0" encoding="UTF-8"?><record xmlns="http://www.loc.gov/MARC21/slim" xmlns:cinclude="http://apache.org/cocoon/include/1.0" xmlns:zs="http://www.loc.gov/zing/srw/">
  <leader>00591nz  a2200145n  4500</leader>
  <controlfield tag="001">no2009045832</controlfield>
  <controlfield tag="003">DLC</controlfield>
  <controlfield tag="005">20090327075300.0</controlfield>
  <controlfield tag="008">090325n| acannaabn          |n aaa     c</controlfield>
  <datafield tag="010" ind1=" " ind2=" ">
    <subfield code="a">no2009045832</subfield>
  </datafield>
  <datafield tag="035" ind1=" " ind2=" ">
    <subfield code="a">(OCoLC)oca08056203</subfield>
  </datafield>
  <datafield tag="040" ind1=" " ind2=" ">
    <subfield code="a">NjBlaOCU</subfield>
    <subfield code="b">eng</subfield>
    <subfield code="c">NjBlaOCU</subfield>
  </datafield>
  <datafield tag="100" ind1="1" ind2=" ">
    <subfield code="a">Miller, Kenneth W.</subfield>
    <subfield code="q">(Kenneth Wayne)</subfield>
  </datafield>
  <datafield tag="670" ind1=" " ind2=" ">
    <subfield code="a">Death justice, 2009:</subfield>
    <subfield code="b">t.p. (Kenneth W. Miller) p. 4 of cover (received a J.D. from the Univ. of Arizona's College of Law; teaches in the School of Justice &amp; Social Inquiry at Arizona State Univ.)</subfield>
  </datafield>
  <datafield tag="670" ind1=" " ind2=" ">
    <subfield code="a">E-mail from author, Mar. 25, 2009</subfield>
    <subfield code="b">(Middle name is Wayne)</subfield>
  </datafield>
</record>